@article{farnham2013detecting,
  title={Detecting DNS Tunneling},
  author={Farnham, Greg},
  journal={InfoSec Reading Room},
  year={2013}
}


@article{karstensen2010skjult,
  title={Skjult IP-kommunikasjon basert p{\aa} Domain Name System (DNS)},
  author={Karstensen, Lasse},
  year={2010},
  publisher={Institutt for telematikk}
}

@inproceedings{Mockapetris:1988:DDN:52324.52338,
 author = {Mockapetris, P. and Dunlap, K. J.},
 title = {Development of the Domain Name System},
 booktitle = {Symposium Proceedings on Communications Architectures and Protocols},
 series = {SIGCOMM '88},
 year = {1988},
 isbn = {0-89791-279-9},
 location = {Stanford, California, USA},
 pages = {123--133},
 numpages = {11},
 url = {http://doi.acm.org/10.1145/52324.52338},
 doi = {10.1145/52324.52338},
 acmid = {52338},
 publisher = {ACM},
 address = {New York, NY, USA}
}

@article{mockapetris1987domain,
  title={Domain names-concepts and facilities},
  author={Mockapetris, Paul V},
  year={1987}
}
